@misc{jtvae2019,
      title = "Junction Tree Variational Autoencoder for Molecular Graph Generation",
      author={Wengong Jin and Regina Barzilay and Tommi Jaakkola},
      year={2019},
      eprint={1802.04364},
      archivePrefix={arXiv},
      primaryClass={cs.LG}
}

@misc{hievae2020,
      title={Hierarchical Generation of Molecular Graphs using Structural Motifs},
      author={Wengong Jin and Regina Barzilay and Tommi Jaakkola},
      year={2020},
      eprint={2002.03230},
      archivePrefix={arXiv},
      primaryClass={cs.LG}
}

@misc{microsoft2024,
      title={Learning to Extend Molecular Scaffolds with Structural Motifs},
      author={Krzysztof Maziarz and Henry Jackson-Flux and Pashmina Cameron and Finton Sirockin and Nadine Schneider and Nikolaus Stiefl and Marwin Segler and Marc Brockschmidt},
      year={2024},
      eprint={2103.03864},
      archivePrefix={arXiv},
      primaryClass={cs.LG}
}
